@article{PhysRevA.73.063407,
  title = {Laser cooling of atoms and molecules with ultrafast pulses},
  author = {Kielpinski, D.},
  journal = {Phys. Rev. A},
  volume = {73},
  issue = {6},
  pages = {063407},
  numpages = {6},
  year = {2006},
  month = {Jun},
  publisher = {American Physical Society},
  doi = {10.1103/PhysRevA.73.063407},
  url = {https://link.aps.org/doi/10.1103/PhysRevA.73.063407}
}

@article{PhysRevX.6.041004,
  title = {Direct Frequency Comb Laser Cooling and Trapping},
  author = {Jayich, A. M. and Long, X. and Campbell, W. C.},
  journal = {Phys. Rev. X},
  volume = {6},
  issue = {4},
  pages = {041004},
  numpages = {6},
  year = {2016},
  month = {Oct},
  publisher = {American Physical Society},
  doi = {10.1103/PhysRevX.6.041004},
  url = {https://link.aps.org/doi/10.1103/PhysRevX.6.041004}
}

@inbook{レーザー冷却とその応用,
title = {レーザー冷却技術とその応用},
author = {高橋義朗},
publisher = {日本光学会},
year = {2008},
volume = {37},
pages = {362-369}
}



@article{ノーベル賞と分光学,
  title={ノーベル賞と分光学},
  author={久我 隆弘},
  journal={分光研究},
  volume={50},
  number={3},
  pages={128-138},
  year={2001},
  doi={10.5111/bunkou.50.128}
}

@book{Foot:1080846,
      author        = "Foot, Christopher J",
      title         = "{Atomic physics}",
      publisher     = "Oxford University Press",
      address       = "Oxford",
      series        = "Oxford master series in atomic, optical and laser physics",
      year          = "2007",
      url           = "https://cds.cern.ch/record/1080846",
}
@book{
わかる半導体レーザーの基礎と応用,
author = {平田昭二},
title = {わかる半導体レーザーの基礎と応用},
publisher = {CQ出版株式会社},
year = {2001},
edition = {2}
}

@article{Femtosecondopticalfrequencycombs,
author = {Cundiff, S.T. and Ye, J.},
title = {Colloquium: Femtosecond optical frequency combs},
year = {2003},
journal = {Rev. Mod. Phys.},
volume ={75},
pages = {325-342},
doi = {10.1103/RevModPhys.75.325}
}

@Article{Walpole1996,
author="Walpole, J. N.",
title="Semiconductor amplifiers and lasers with tapered gain regions",
journal="Optical and Quantum Electronics",
year="1996",
month="Jun",
day="01",
volume="28",
number="6",
pages="623--645",
doi="10.1007/BF00411298",
url="https://doi.org/10.1007/BF00411298"
}

@article{Cruz:06,
author = {Flavio C. Cruz and Matthew C. Stowe and Jun Ye},
journal = {Opt. Lett.},
keywords = {Metrological instrumentation; Semiconductor optical amplifiers; Ultrafast processes in condensed matter, including semiconductors; Amplified spontaneous emission; Frequency combs; Laser systems; Semiconductor optical amplifiers; Supercontinuum lasers; Supercontinuum sources},
number = {9},
pages = {1337--1339},
publisher = {OSA},
title = {Tapered semiconductor amplifiers for optical frequency combs in the near infrared},
volume = {31},
month = {May},
year = {2006},
url = {http://ol.osa.org/abstract.cfm?URI=ol-31-9-1337},
doi = {10.1364/OL.31.001337}
}

@book{grynberg_aspect_fabre_cohen-tannoudji_2010,
place={Cambridge},
title={Introduction to Quantum Optics: From the Semi-classical Approach to Quantized Light},
DOI={10.1017/CBO9780511778261},
publisher={Cambridge University Press},
author={Grynberg, Gilbert and Aspect, Alain and Fabre, Claude and Cohen-Tannoudji, Claude},
year={2010}}

@article{doi:10.1063/1.3501966,
author = {Bolpasi,V. and von Klitzing,W.},
title = {Double-pass tapered amplifier diode laser with an output power of 1 W for an injection power of only 200 μW},
journal = {Review of Scientific Instruments},
year = {2010},
volume = {81},
number = {11},
pages {113108}
}

@article{PhysRevLett.82.3568,
  title = {Absolute Optical Frequency Measurement of the Cesium ${\mathit{D}}_{1}$ Line with a Mode-Locked Laser},
  author = {Udem, Th. and Reichert, J. and Holzwarth, R. and H\"ansch, T. W.},
  journal = {Phys. Rev. Lett.},
  volume = {82},
  issue = {18},
  pages = {3568--3571},
  numpages = {0},
  year = {1999},
  month = {May},
  publisher = {American Physical Society},
  doi = {10.1103/PhysRevLett.82.3568},
  url = {https://link.aps.org/doi/10.1103/PhysRevLett.82.3568}
}
